<?xml version="1.0" encoding="UTF-8"?><collection xmlns="http://www.loc.gov/MARC21/slim"><record><leader>00665nam--2200217-u-4500</leader><controlfield tag="001">000053459</controlfield><controlfield tag="002">20161230</controlfield><controlfield tag="005">20161230201051</controlfield><controlfield tag="008">110406s1000------------r-----000-0-eng-d</controlfield><datafield ind1=" " ind2=" " tag="020"><subfield code="a">3540653139</subfield></datafield><datafield ind1=" " ind2=" " tag="040"><subfield code="a">IFIN-HH</subfield></datafield><datafield ind1=" " ind2=" " tag="080"><subfield code="a">66.095.26</subfield></datafield><datafield ind1="1" ind2=" " tag="100"><subfield code="a">Jacob, S</subfield></datafield><datafield ind1="1" ind2="0" tag="245"><subfield code="a">Polymer synthesis; polymer-polymer complexation</subfield><subfield code="c">S. jacob; j.p. kenedy; h. sugimoto; s. inoue; m. jiang; m. li; m. xiang; h. zhou (contributors)</subfield></datafield><datafield ind1=" " ind2=" " tag="260"><subfield code="a">Berlin</subfield><subfield code="b">Springer</subfield><subfield code="c">1999</subfield></datafield><datafield ind1=" " ind2=" " tag="300"><subfield code="a">208P</subfield></datafield><datafield ind1=" " ind2=" " tag="490"><subfield code="a">Advances In Polymer Science</subfield><subfield code="v">Vol. 146</subfield></datafield><datafield ind1=" " ind2="4" tag="650"><subfield code="a">Polymer Synthesis</subfield></datafield><datafield ind1="1" ind2=" " tag="700"><subfield code="a">Zhou, H</subfield><subfield code="e">Contributor</subfield></datafield><datafield ind1=" " ind2=" " tag="852"><subfield code="a">81484</subfield><subfield code="c">541.64</subfield></datafield><datafield ind1=" " ind2=" " tag="CAT"><subfield code="a">Sys</subfield><subfield code="c">20110406</subfield><subfield code="h">095207</subfield></datafield></record></collection>